<record><leader>00000cas a2200000 a 4500</leader><controlfield tag="001">19117022</controlfield><controlfield tag="008">890208d18811881tnuwr ne      0    0eng d</controlfield><datafield ind1=" " ind2=" " tag="010"><subfield code="a">sn 89058190 </subfield></datafield><datafield ind1=" " ind2=" " tag="040"><subfield code="a">KNP</subfield><subfield code="b">eng</subfield><subfield code="c">KNP</subfield><subfield code="d">TGN</subfield><subfield code="d">OCL</subfield><subfield code="d">OCLCQ</subfield><subfield code="d">OCLCF</subfield><subfield code="d">OCLCO</subfield></datafield><datafield ind1=" " ind2=" " tag="042"><subfield code="a">msc</subfield></datafield><datafield ind1=" " ind2=" " tag="043"><subfield code="a">n-us-tn</subfield></datafield><datafield ind1="0" ind2="4" tag="245"><subfield code="a">The Milan monitor.</subfield></datafield><datafield ind1=" " ind2=" " tag="260"><subfield code="a">Milan, Tenn. :</subfield><subfield code="b">B.L. Murrell &amp; W.E. Turner,</subfield><subfield code="c">1881.</subfield></datafield><datafield ind1=" " ind2=" " tag="300"><subfield code="a">v.</subfield></datafield><datafield ind1=" " ind2=" " tag="310"><subfield code="a">Weekly</subfield></datafield><datafield ind1="0" ind2=" " tag="362"><subfield code="a">Vol. 1, no. 1 (Mar. 12, 1881)-v. 1, no. 8 (Apr. 30, 1881).</subfield></datafield><datafield ind1=" " ind2="0" tag="651"><subfield code="a">Milan (Tenn.)</subfield><subfield code="v">Newspapers.</subfield></datafield><datafield ind1=" " ind2="0" tag="651"><subfield code="a">Gibson County (Tenn.)</subfield><subfield code="v">Newspapers.</subfield></datafield><datafield ind1=" " ind2="7" tag="655"><subfield code="a">Newspapers.</subfield><subfield code="2">fast</subfield><subfield code="0">(OCoLC)fst01423814</subfield></datafield><datafield ind1=" " ind2="7" tag="651"><subfield code="a">Tennessee</subfield><subfield code="z">Gibson County.</subfield><subfield code="2">fast</subfield><subfield code="0">(OCoLC)fst01219780</subfield></datafield><datafield ind1=" " ind2="7" tag="651"><subfield code="a">Tennessee</subfield><subfield code="z">Milan.</subfield><subfield code="2">fast</subfield><subfield code="0">(OCoLC)fst01224057</subfield></datafield><datafield ind1=" " ind2=" " tag="752"><subfield code="a">United States</subfield><subfield code="b">Tennessee</subfield><subfield code="c">Gibson</subfield><subfield code="d">Milan.</subfield></datafield><datafield ind1="0" ind2="4" tag="785"><subfield code="t">Milan exchange</subfield><subfield code="w">(DLC)sn 86053488</subfield></datafield></record>